
@article{literatur,
  title = {Charakteristische Röntgenstrahlung von Kupfer},
  author = {TESS expert PHYWE},
  url = {http://www.phywe-ru.com/index.php/fuseaction/download/lrn_file/versuchsanleitungen/P2540101/d/p2540101d.pdf},
}
@article{anleitung,
  title = {Versuch V602: Röntgenemission und -absorbtion},
  author = {Tu Dortmund},
}
@article{wiki,
  title = {Röntgenstrahlung},
  url = {https://de.wikipedia.org/wiki/Röntgenstrahlung},
}
@article{wiki2,
  title = {Halbwertsbreite},
  url = {https://de.wikipedia.org/wiki/Halbwertsbreite},
}
