
@article{AusM2,
  title = {Charakteristische RÃ¶ntgenstrahlung von Kupfer},
  author = {TESS expert PHYWE},
  url = {http://www.phywe-ru.com/index.php/fuseaction/download/lrn_file/versuchsanleitungen/P2540101/d/p2540101d.pdf},
}
